@inproceedings{lin2012performance,
  title={Performance Evaluation of Mathematical Formula Identification},
  author={XiaoYan, Lin and LiangCai, Gao and Zhi Tang and XiaoFan, Lin and \textbf{Hu Xuan}},
  booktitle={The 10th IAPR International Workshop on Document Analysis Systems},
  year={2012},
  series={DAS 2012},
  pages={287--291},
  organization={IAPR},
  month={March},
  address={Gold Coast, Queensland, Australia},
  publisher={IEEE}
}

@inproceedings{lin2012identification,
  title={Identification of Embedded Mathematical Formulas in PDF Documents Using SVM},
  author={XiaoYan, Lin and LiangCai, Gao and Zhi, Tang and \textbf{Hu Xuan} and XiaoFan, Lin},
  booktitle={The 19th IS\&T/SPIE Conference on Document Recognition and Retrieval},
  year={2012},
  series={DRR 2012},
  pages={8297--12},
  organization={SPIE},
  month={January},
  address={San Francisco, CA, USA},
}

@inproceedings{lin2011mathematical,
  title={Mathematical Formula Identification in PDF Documents},
  author={XiaoYan, Lin and LiangCai, Gao and Zhi, Tang and XiaoFan, Lin and \textbf{Hu Xuan}},
  booktitle={International Conference on Document Analysis and Recognition},
  year={2011},
  series={ICDAR 2011},
  pages={1419--1423},
  month={September},
  address = {Beijing, China}
}

@inproceedings{gao2011metadata,
  title={Metadata Extraction System for Chinese Books},
  author={LiangCai, Gao and Yuan, Zhong and YingMin, Tang and Zhi, Tang and XiaoFan, Lin and \textbf{Hu Xuan}},
  booktitle={International Conference on Document Analysis and Recognition},
  year={2011},
  series={ICDAR 2011},
  pages={749--753},
  month={September},
  address={Beijing, China}
}

@inproceedings{wang2010mobile,
  title={The Mobile Scenario Influence on DTN Routing},
  author={HaiQuan, Wang and XiaoDong, Liu and \textbf{Hu Xuan} and Qing, Liu},
  booktitle={The 2nd Asia-Pacific Conference on Information Processing},
  year={2010},
  series={APCIP 2010},
  pages={53â€“-56},
  month={September},
  address={Nanchang ,China},
}
